% Encoding: UTF-8	


@InProceedings{dambrosio:2017,
  author    = {Donato D'Ambrosio, Alessio De Rango, Davide Spataro, Rocco Rongo, William Spataro.},
  title     = {Applications of the OpenCAL Scientific Library in the context of CFD: Applications to Debris Flows},
  booktitle = {International Conference on Networking, Sensing and Control (ICNSC)},
  year      = {2017},
}

@InProceedings{DSpataro:2017,
  author    = {Davide Spataro, Paola Arcuri, Donato D'Ambrosio, Alessio De Rango, Alice Mari, William Spataro},
  title     = {A Tracking Algorithm for Particle-like Moving Objects},
  booktitle = {Proceedings of The 2017 International Conference on Parallel, Distributed and Network-Based Processing (PDP)},
  year      = {2017},
}

@InProceedings{rahmat:2016,
  author    = {Rahmat Hidayat, Davide Spataro, Elisa De Giorgio, William Spataro, Donato D'Ambrosio},
  title     = {Multi-Agent System with Multiple Group Modelling for Bird Flocking on GPU},
  booktitle = {Proceedings of The 2016 International Conference on Parallel, Distributed and Network-Based Processing (PDP)},
  year      = {2016},
}

@Article{dambrosio2017,
  author  = {Donato D’Ambrosio a, Alessio De Rango, Marco Oliverio, Davide Spataro ,William Spataro,Rocco Rongo,Giuseppe Mendicino, Alfonso Senatore},
  title   = {The Open Computing Abstraction Layer for Extended Cellular Automata and the Finite Differences Method},
  journal = {Journal of Parallel and Distributed Computing},
  year    = {2017},
}


@Article{spataro2017,
	author  = {Spataro D., D’Ambrosio D., Filippone G., Spataro W},
	title   = {The new SCIARA-fv3 numerical model and acceleration by GPGPU strategies},
	journal = {International Journal of High Performance and Applications},
	year    = {2017},
}


@InProceedings{derango:2015,
	author    = {Alessio De Rango, Maurizio Macrì, Davide Spataro, Donato D’Ambrosio, William Spataro },
	title     = {Efficient Lava Flows Simulations with OpenCL: A preliminary application for Civil Defence Purposes},
	booktitle = {Proceedings of The 10 th International Conference on P2P, Parallel, Grid,	Cloud and Internet Computing},
	year      = {2015},
}

@InProceedings{filippone2015,
	author    = {Filippone G., Spataro W., D’Ambrosio D., Spataro D., Marocco D.,Trunfio G.A },
	title  = {CUDA Dynamic Active Thread List Strategy to Accelerate Debris Flow Simulations},
	booktitle = {Proceedings
	of The 2015 International Conference on Parallel, Distributed and Network-Based Processing
	(PDP)},
	year      = {2015},
}



@Comment{jabref-meta: databaseType:bibtex;}
